<record><leader>00000cas a22000007a 4500</leader><controlfield tag="001">11695255</controlfield><controlfield tag="008">850214d18641907mduwr ne      0    0eng d</controlfield><datafield ind1=" " ind2=" " tag="010"><subfield code="a">sn 85025363 </subfield></datafield><datafield ind1=" " ind2=" " tag="040"><subfield code="a">NPX</subfield><subfield code="b">eng</subfield><subfield code="c">NPX</subfield><subfield code="d">MFN</subfield><subfield code="d">OCLCQ</subfield></datafield><datafield ind1=" " ind2=" " tag="042"><subfield code="a">msc</subfield></datafield><datafield ind1=" " ind2="4" tag="050"><subfield code="a">AN41.881.H3</subfield><subfield code="b">H4</subfield></datafield><datafield ind1="0" ind2="4" tag="245"><subfield code="a">The herald and torch light.</subfield></datafield><datafield ind1="1" ind2="3" tag="246"><subfield code="a">Herald &amp; torch light</subfield></datafield><datafield ind1=" " ind2=" " tag="260"><subfield code="a">Hagerstown, Md. :</subfield><subfield code="b">McCurdy &amp; Curriden</subfield></datafield><datafield ind1=" " ind2=" " tag="300"><subfield code="a">v.</subfield></datafield><datafield ind1=" " ind2=" " tag="310"><subfield code="a">Weekly</subfield></datafield><datafield ind1="1" ind2=" " tag="362"><subfield code="a">Began in 1864? Ceased in 1907?</subfield></datafield><datafield ind1=" " ind2=" " tag="588"><subfield code="a">Description based on: No. 31 (Feb. 24, 1864).</subfield></datafield><datafield ind1=" " ind2=" " tag="752"><subfield code="a">United States</subfield><subfield code="b">Maryland</subfield><subfield code="c">Washington</subfield><subfield code="d">Hagerstown.</subfield></datafield><datafield ind1="0" ind2=" " tag="775"><subfield code="t">Daily herald and torch light</subfield><subfield code="w">(DLC)sn 89060240</subfield></datafield><datafield ind1="0" ind2="0" tag="780"><subfield code="t">Herald of freedom and torch light</subfield><subfield code="w">(DLC)sn 89061529</subfield></datafield><datafield ind1="0" ind2="5" tag="780"><subfield code="t">Hagerstown odd fellow</subfield><subfield code="w">(DLC)sn 89060111</subfield></datafield></record>